[gd_scene load_steps=15 format=2]

[ext_resource path="res://Sprites/Explosão Maior/ExplosaoMaiorBase.png" type="Texture" id=1]
[ext_resource path="res://Sprites/Explosão Maior/ExplosãoMaiorMeio.png" type="Texture" id=2]
[ext_resource path="res://Sprites/Explosão Maior/ExplosaoMaiorFim.png" type="Texture" id=3]
[ext_resource path="res://Scripts/ExplosaoMaior.gd" type="Script" id=4]

[sub_resource type="SpriteFrames" id=1]
animations = [ {
"frames": [ ExtResource( 1 ) ],
"loop": true,
"name": "ExplosãoBase",
"speed": 5.0
} ]

[sub_resource type="SpriteFrames" id=2]
animations = [ {
"frames": [ ExtResource( 2 ) ],
"loop": true,
"name": "default",
"speed": 5.0
} ]

[sub_resource type="SpriteFrames" id=3]
animations = [ {
"frames": [ ExtResource( 3 ) ],
"loop": true,
"name": "default",
"speed": 5.0
} ]

[sub_resource type="SpriteFrames" id=4]
animations = [ {
"frames": [ ExtResource( 2 ) ],
"loop": true,
"name": "default",
"speed": 5.0
} ]

[sub_resource type="SpriteFrames" id=5]
animations = [ {
"frames": [ ExtResource( 3 ) ],
"loop": true,
"name": "default",
"speed": 5.0
} ]

[sub_resource type="SpriteFrames" id=6]
animations = [ {
"frames": [ ExtResource( 1 ) ],
"loop": true,
"name": "default",
"speed": 5.0
} ]

[sub_resource type="SpriteFrames" id=7]
animations = [ {
"frames": [ ExtResource( 2 ) ],
"loop": true,
"name": "default",
"speed": 5.0
} ]

[sub_resource type="SpriteFrames" id=8]
animations = [ {
"frames": [ ExtResource( 3 ) ],
"loop": true,
"name": "default",
"speed": 5.0
} ]

[sub_resource type="SpriteFrames" id=9]
animations = [ {
"frames": [ ExtResource( 2 ) ],
"loop": true,
"name": "default",
"speed": 5.0
} ]

[sub_resource type="SpriteFrames" id=10]
animations = [ {
"frames": [ ExtResource( 3 ) ],
"loop": true,
"name": "default",
"speed": 5.0
} ]

[node name="Node2D" type="Node2D"]
script = ExtResource( 4 )

[node name="SpriteCentro1" type="AnimatedSprite" parent="."]
frames = SubResource( 1 )
animation = "ExplosãoBase"

[node name="SpriteMeioDireita" type="AnimatedSprite" parent="."]
position = Vector2( 16, 0 )
frames = SubResource( 2 )

[node name="SpriteFimDireita" type="AnimatedSprite" parent="."]
position = Vector2( 32, 0 )
frames = SubResource( 3 )

[node name="SpriteMeioEsquerda" type="AnimatedSprite" parent="."]
position = Vector2( -16, 0 )
frames = SubResource( 4 )
flip_h = true

[node name="SpriteFimEsquerda" type="AnimatedSprite" parent="."]
position = Vector2( -32, 0 )
frames = SubResource( 5 )
flip_h = true

[node name="SpriteCentro2" type="AnimatedSprite" parent="."]
rotation = -1.5708
frames = SubResource( 6 )

[node name="SpriteMeioCima" type="AnimatedSprite" parent="."]
position = Vector2( 0, -16 )
rotation = -1.5708
frames = SubResource( 7 )

[node name="SpriteFimCima" type="AnimatedSprite" parent="."]
position = Vector2( 0, -32 )
rotation = -1.5708
frames = SubResource( 8 )

[node name="SpriteMeioBaixo" type="AnimatedSprite" parent="."]
position = Vector2( 0, 16 )
rotation = 1.5708
frames = SubResource( 9 )

[node name="SpriteFimBaixo" type="AnimatedSprite" parent="."]
position = Vector2( 0, 32 )
rotation = 1.5708
frames = SubResource( 10 )

[node name="Timer" type="Timer" parent="."]
wait_time = 3.0
one_shot = true
autostart = true

[node name="RaycastsMaiores" type="Node2D" parent="."]

[node name="RaycastBaixo" type="RayCast2D" parent="RaycastsMaiores"]
enabled = true
cast_to = Vector2( 0, 32 )
collision_mask = 5
collide_with_areas = true

[node name="RaycastCima" type="RayCast2D" parent="RaycastsMaiores"]
enabled = true
cast_to = Vector2( 0, -32 )
collision_mask = 5
collide_with_areas = true

[node name="RaycastEsquerda" type="RayCast2D" parent="RaycastsMaiores"]
enabled = true
cast_to = Vector2( -32, 0 )
collision_mask = 5
collide_with_areas = true

[node name="RaycastDireita" type="RayCast2D" parent="RaycastsMaiores"]
enabled = true
cast_to = Vector2( 32, 0 )
collision_mask = 5
collide_with_areas = true

[node name="RaycastsMenores" type="Node2D" parent="."]

[node name="RaycastBaixo" type="RayCast2D" parent="RaycastsMenores"]
enabled = true
cast_to = Vector2( 0, 16 )
collision_mask = 5
collide_with_areas = true

[node name="RaycastCima" type="RayCast2D" parent="RaycastsMenores"]
enabled = true
cast_to = Vector2( 0, -16 )
collision_mask = 5
collide_with_areas = true

[node name="RaycastEsquerda" type="RayCast2D" parent="RaycastsMenores"]
enabled = true
cast_to = Vector2( -16, 0 )
collision_mask = 5
collide_with_areas = true

[node name="RaycastDireita" type="RayCast2D" parent="RaycastsMenores"]
enabled = true
cast_to = Vector2( 16, 0 )
collision_mask = 5
collide_with_areas = true

[connection signal="timeout" from="Timer" to="." method="_on_Timer_timeout"]
