[gd_scene load_steps=17 format=2]

[ext_resource path="res://Sprites/BotãoInicialPlay.png" type="Texture" id=1]
[ext_resource path="res://Fontes/PressStart2P-Regular.ttf" type="DynamicFontData" id=2]
[ext_resource path="res://Sprites/BotãoInicialQuit.png" type="Texture" id=3]
[ext_resource path="res://Sprites/Logo.png" type="Texture" id=4]
[ext_resource path="res://Scripts/TelaInicial.gd" type="Script" id=5]
[ext_resource path="res://Sprites/Player1.png" type="Texture" id=6]
[ext_resource path="res://Itens Coletáveis/Foguete.tscn" type="PackedScene" id=7]
[ext_resource path="res://Itens Coletáveis/MenosVida.tscn" type="PackedScene" id=8]
[ext_resource path="res://Itens Coletáveis/Chama.tscn" type="PackedScene" id=9]
[ext_resource path="res://Itens Coletáveis/MaisVida.tscn" type="PackedScene" id=10]
[ext_resource path="res://Sprites/ParedeQuebrável.png" type="Texture" id=11]
[ext_resource path="res://Sprites/ParedeInquebravel.png" type="Texture" id=12]
[ext_resource path="res://Sprites/Player2.png" type="Texture" id=13]
[ext_resource path="res://Sprites/MenosVida.png" type="Texture" id=14]

[sub_resource type="DynamicFont" id=1]
font_data = ExtResource( 2 )

[sub_resource type="DynamicFont" id=2]
font_data = ExtResource( 2 )

[node name="Node2D" type="Node2D"]
script = ExtResource( 5 )

[node name="ColorRect" type="ColorRect" parent="."]
margin_right = 336.0
margin_bottom = 240.0
color = Color( 0, 0, 0, 1 )

[node name="TextureButton" type="TextureButton" parent="."]
margin_left = 16.0
margin_top = 160.0
margin_right = 144.0
margin_bottom = 224.0
texture_normal = ExtResource( 1 )

[node name="Label" type="Label" parent="TextureButton"]
margin_left = 56.0
margin_top = 24.0
margin_right = 120.0
margin_bottom = 40.0
custom_fonts/font = SubResource( 1 )
text = "Play"

[node name="TextureButton2" type="TextureButton" parent="."]
margin_left = 192.0
margin_top = 160.0
margin_right = 320.0
margin_bottom = 224.0
texture_normal = ExtResource( 3 )

[node name="Label" type="Label" parent="TextureButton2"]
margin_left = 56.0
margin_top = 24.0
margin_right = 120.0
margin_bottom = 40.0
custom_fonts/font = SubResource( 2 )
text = "Quit"

[node name="TextureRect" type="TextureRect" parent="."]
margin_left = 32.0
margin_top = 16.0
margin_right = 282.0
margin_bottom = 141.0
texture = ExtResource( 4 )

[node name="Chama" parent="." instance=ExtResource( 9 )]
position = Vector2( 128, 40 )

[node name="Foguete" parent="." instance=ExtResource( 7 )]
position = Vector2( 136, 128 )

[node name="MaisVida" parent="." instance=ExtResource( 10 )]
position = Vector2( 288, 128 )

[node name="MenosVida" parent="." instance=ExtResource( 8 )]
position = Vector2( 24, 120 )

[node name="Foguete2" parent="." instance=ExtResource( 7 )]
position = Vector2( 280, 32 )

[node name="Chama2" parent="." instance=ExtResource( 9 )]
position = Vector2( 208, 128 )

[node name="MaisVida2" parent="." instance=ExtResource( 10 )]
position = Vector2( 80, 24 )

[node name="Player1" type="Sprite" parent="."]
position = Vector2( 32, 40 )
texture = ExtResource( 6 )

[node name="Player2" type="Sprite" parent="."]
position = Vector2( 312, 88 )
texture = ExtResource( 13 )

[node name="ParedeQuebrável" type="Sprite" parent="."]
position = Vector2( 72, 136 )
texture = ExtResource( 11 )

[node name="ParedeInquebravel" type="Sprite" parent="."]
position = Vector2( 184, 24 )
texture = ExtResource( 12 )

[node name="MenosVida2" type="Sprite" parent="."]
position = Vector2( 232, 40 )
texture = ExtResource( 14 )

[connection signal="pressed" from="TextureButton" to="." method="_on_TextureButton_pressed"]
[connection signal="pressed" from="TextureButton2" to="." method="_on_TextureButton2_pressed"]
